<collection xmlns="http://www.loc.gov/MARC21/slim">
<record>
  <leader>01002nam0a22002171i 450 </leader>
  <controlfield tag="001">IT\ICCU\CNCE\062452</controlfield>
  <controlfield tag="005">20130911000000.0</controlfield>
  <datafield tag="012" ind1=" " ind2=" ">
    <subfield code="a">iaa. sao: zae, o,o, (C) 1600 (Q)</subfield>
    <subfield code="2">fei</subfield>
  </datafield>
  <datafield tag="100" ind1=" " ind2=" ">
    <subfield code="a">20051111f1600        0itac0103    ba</subfield>
  </datafield>
  <datafield tag="101" ind1=" " ind2=" ">
    <subfield code="a">ITA</subfield>
  </datafield>
  <datafield tag="102" ind1=" " ind2=" ">
    <subfield code="a">IT</subfield>
  </datafield>
  <datafield tag="200" ind1="1" ind2=" ">
    <subfield code="a">Zingaresca nuoua bellissima, doue s&apos;intende una ventura data da una zingana ad una giouine innamorata. Data in luce da un giouine virtuoso a compiacenza degli spiriti gentili</subfield>
  </datafield>
  <datafield tag="210" ind1=" " ind2=" ">
    <subfield code="a">Venezia e Bologna</subfield>
    <subfield code="c">Vittorio Benacci</subfield>
    <subfield code="d">\1600?!</subfield>
  </datafield>
  <datafield tag="215" ind1=" " ind2=" ">
    <subfield code="a">4 c.</subfield>
    <subfield code="d">4ʻ</subfield>
  </datafield>
  <datafield tag="300" ind1=" " ind2=" ">
    <subfield code="a">La data si ricava da: Stampe popolari della Biblioteca Trivulziana. Catalogo a cura di Caterina Santoro, n. 377</subfield>
  </datafield>
  <datafield tag="620" ind1=" " ind2=" ">
    <subfield code="a">IT</subfield>
    <subfield code="d">Bologna</subfield>
  </datafield>
  <datafield tag="712" ind1="0" ind2="0">
    <subfield code="a">Benacci, Vittorio</subfield>
    <subfield code="3">IT\ICCU\CNCT\000021</subfield>
    <subfield code="4">650</subfield>
  </datafield>
  <datafield tag="791" ind1="0" ind2="0">
    <subfield code="a">Benatius, Victorius</subfield>
    <subfield code="3">IT\ICCU\CNCT\003648</subfield>
    <subfield code="z">Benacci, Vittorio</subfield>
  </datafield>
  <datafield tag="791" ind1="0" ind2="0">
    <subfield code="a">Benacius, Victorius</subfield>
    <subfield code="3">IT\ICCU\CNCT\004325</subfield>
    <subfield code="z">Benacci, Vittorio</subfield>
  </datafield>
  <datafield tag="801" ind1=" " ind2="3">
    <subfield code="a">IT</subfield>
    <subfield code="b">ICCU</subfield>
    <subfield code="c">20201115</subfield>
  </datafield>
  <datafield tag="899" ind1=" " ind2=" ">
    <subfield code="a">Archivio storico civico e Biblioteca Trivulziana. Milano</subfield>
    <subfield code="1">MI0327</subfield>
    <subfield code="2">LO1 13</subfield>
  </datafield>
</record>
</collection>
